<?xml version="1.0" encoding="utf-8"?>
<record xmlns="http://www.loc.gov/MARC21/slim" xmlns:xsi="http://www.w3.org/2001/XMLSchema-instance" xsi:schemaLocation="http://www.loc.gov/MARC21/slim http://www.loc.gov/standards/marcxml/schema/MARC21slim.xsd">
	<leader>     nam a22     Mi 4500</leader>
	<controlfield tag="001">3000651</controlfield>
	<controlfield tag="003">NjP</controlfield>
	<controlfield tag="006">m        d        </controlfield>
	<controlfield tag="007">cr cn |||m|||a</controlfield>
	<controlfield tag="008">210405m19249999ua      obc  f000 0 ara d</controlfield>
	<datafield ind1=" " ind2=" " tag="040">
		<subfield code="a">ZYU</subfield>
		<subfield code="b">ara</subfield>
		<subfield code="e">rda</subfield>
		<subfield code="c">ZYU</subfield>
	</datafield>
	<datafield ind1=" " ind2=" " tag="043">
		<subfield code="a">f-ua---</subfield>
	</datafield>
	<datafield ind1=" " ind2="4" tag="050">
		<subfield code="a">Z7052</subfield>
		<subfield code="b">.C123f</subfield>
	</datafield>
	<datafield ind1="2" ind2=" " tag="110">
		<subfield code="6">880-01</subfield>
		<subfield code="a">Dār al-Kutub al-Miṣrīyah.</subfield>
		<subfield code="b">Qism al-Fahāris al-ʻArabīyah.</subfield>
	</datafield>
	<datafield ind1="1" ind2="0" tag="245">
		<subfield code="6">880-02</subfield>
		<subfield code="a">Fihris al-kutub al-ʼạrabīyah al-mawjūdah bi-al-dār.</subfield>
	</datafield>
	<datafield ind1="1" ind2=" " tag="246">
		<subfield code="6">880-03</subfield>
		<subfield code="i">Vols. &lt;7-9&gt; have title:</subfield>
		<subfield code="a">Fihris bi-al-kutub al-ʻArabīyah allatī waradat ʻalá al-Dār</subfield>
	</datafield>
	<datafield ind1=" " ind2=" " tag="260">
		<subfield code="6">880-04</subfield>
		<subfield code="a">al-Qāhirah :</subfield>
		<subfield code="b">Maṭbaʻat Dār al-Kutub al-Miṣrīyash,</subfield>
		<subfield code="c">1924-</subfield>
	</datafield>
	<datafield ind1=" " ind2=" " tag="300">
		<subfield code="a">online resource (volumes)</subfield>
	</datafield>
	<datafield ind1=" " ind2=" " tag="336">
		<subfield code="a">text</subfield>
		<subfield code="2">rdacontent</subfield>
	</datafield>
	<datafield ind1=" " ind2=" " tag="337">
		<subfield code="a">computer</subfield>
		<subfield code="2">rdamedia</subfield>
	</datafield>
	<datafield ind1=" " ind2=" " tag="338">
		<subfield code="a">online resource</subfield>
		<subfield code="2">rdacarrier</subfield>
	</datafield>
	<datafield ind1=" " ind2=" " tag="500">
		<subfield code="a">Part of the Arabic Collections Online (ACO) project, contributed by Princeton University Libraries.</subfield>
	</datafield>
	<datafield ind1="1" ind2=" " tag="505">
		<subfield code="a">al-juzʼ 1. Li-ghāyat sanat 1921; wa-mulḥaq ... fī sanatay 1922 wa-1923 wa-al-sittat al-shuhūr al-ūlá min sanat 1924 -- al-juzʼ 2. Li-ghāyat shahr Sibtimbar sanat 1925; wa-mulḥaq ... li-ghāyat Māyū 1926; Ulūm al-Lughah al-ʻArabīyah, wa-al-waḍʻ, wa-al-ṣarf, wa-al-naḥw, wa-al-balāghah, wa-al-ʻarūḍ al-qawāfī -- al-juzʼ 3. Li-ghāyat ākhir Māyū 1926; al-Qism al-awwal min fihris ādāb al-lughah al-ʻArabīyah -- al-juzʼ 4. Li-ghāyat Dīsambir 1928; al-Qism al-thānī min fihris ādāb al-lughah al-ʻArabīyah: al-riwāyāt wa-al-qiṣaṣ; wa-mulḥaq bi-al-kutub al-ʻArabīyah al-madhkr̄at funūnihā bi-al-juzʼ 2. wa-al-juzʼ 3., min 1. Yūniyah 1926 li-ghāyat Dīsambir 1928 -- al-juzʼ 5. Li-ghāyat Dīsambir 1928; Fihris al-tārīkh wa-al-mulạq al-awwal bi-al-kutub al-ʻArabīyah minhu al-wāridah ʻalá al-Dār fī 1929.</subfield>
	</datafield>
	<datafield ind1="1" ind2=" " tag="505">
		<subfield code="a">al-juzʼ 6. Li-ghāyat 1932; Fahāris funūn al-āthār wa-al-jughrāfīyah, wa-al-aṭālis wa-al-khuruṭ, wa-al-zirāʻah wa-al-rayy, wa-al-tijārah, wa-al-ṣināʻāt, wa-al-maʻārif al-ʻāmmah -- al-juzʼ 7. Min 1929-1935; al-Qism al-awwal min malāḥiq ʻulūm al-lughah al-ʻArabīyah, wa-al-waḍʻ, wa-al-ṣarf, wa-al-naḥw, wa-ụlūm al-balāghah, wa-ʻilmay al-ʻarūḍ wa-al-qawāfī, wa-al-ādāb wa-al-riwāyāt, wa-al-qiṣaṣ -- al-juzʻ 8. 1930-1937; al-Mulḥaq al-thānī li-ʻilm al-tārīkh -- al-juzʻ 9. Min 1930 li-ākhir 1955; al-Mulḥaq al-thālith li-fahāris ādāb al-lughah al-ʻArabīyah: al-mujallad 1. min alif-shīn -- al-juzʼ 10. Min 1935 li-ākhir 1955; al-mulḥaq 3. li-fahāris ādāb al-lughah al-ʻArabīyah: al-mujallad 2. min ṣād-yāʼ.</subfield>
	</datafield>
	<datafield ind1=" " ind2=" " tag="533">
		<subfield code="a">Electronic reproduction.</subfield>
		<subfield code="b">New York, N.Y. :</subfield>
		<subfield code="c">New York University,</subfield>
		<subfield code="d">2021.</subfield>
		<subfield code="5">NNU</subfield>
	</datafield>
	<datafield ind1="2" ind2="0" tag="610">
		<subfield code="a">Dār al-Kutub al-Miṣrīyah</subfield>
		<subfield code="v">Catalogs.</subfield>
	</datafield>
	<datafield ind1=" " ind2="0" tag="650">
		<subfield code="a">Arabic imprints</subfield>
		<subfield code="v">Catalogs.</subfield>
	</datafield>
	<datafield ind1=" " ind2="0" tag="650">
		<subfield code="a">Arabic literature</subfield>
		<subfield code="v">Bibliography.</subfield>
	</datafield>
	<datafield ind1="2" ind2="7" tag="610">
		<subfield code="a">Dār al-Kutub al-Miṣrīyah.</subfield>
		<subfield code="2">fast</subfield>
		<subfield code="0">(OCoLC)fst00555556</subfield>
	</datafield>
	<datafield ind1=" " ind2="7" tag="650">
		<subfield code="a">Arabic imprints.</subfield>
		<subfield code="2">fast</subfield>
		<subfield code="0">(OCoLC)fst00812284</subfield>
	</datafield>
	<datafield ind1=" " ind2="7" tag="650">
		<subfield code="a">Arabic literature.</subfield>
		<subfield code="2">fast</subfield>
		<subfield code="0">(OCoLC)fst00812478</subfield>
	</datafield>
	<datafield ind1=" " ind2="7" tag="655">
		<subfield code="a">Bibliographies.</subfield>
		<subfield code="2">fast</subfield>
		<subfield code="0">(OCoLC)fst01919895</subfield>
	</datafield>
	<datafield ind1=" " ind2="7" tag="655">
		<subfield code="a">Catalogs.</subfield>
		<subfield code="2">fast</subfield>
		<subfield code="0">(OCoLC)fst01423692</subfield>
	</datafield>
	<datafield ind1="2" ind2=" " tag="710">
		<subfield code="a">Princeton University.</subfield>
		<subfield code="b">Library.</subfield>
	</datafield>
	<datafield ind1="0" ind2=" " tag="730">
		<subfield code="a">Arabic Collections Online.</subfield>
	</datafield>
	<datafield ind1="0" ind2="8" tag="776">
		<subfield code="i">Print version:</subfield>
		<subfield code="a">Dār al-Kutub al-Miṣrīyah. Qism al-Fahāris al-ʻArabīyah.</subfield>
		<subfield code="t">Fihris al-kutub al-ʼạrabīyah al-mawjūdah bi-al-dār</subfield>
		<subfield code="w">(NjP)3000651</subfield>
		<subfield code="w">(OCoLC)12016692</subfield>
	</datafield>
	<datafield ind1="4" ind2="0" tag="856">
		<subfield code="u">http://hdl.handle.net/2333.1/sxksn9g3</subfield>
	</datafield>
	<datafield ind1="2" ind2=" " tag="880">
		<subfield code="6">110-01</subfield>
		<subfield code="a">دار الكتب المصرية.</subfield>
		<subfield code="b">قسم الفهارس العربية.</subfield>
	</datafield>
	<datafield ind1="1" ind2="0" tag="880">
		<subfield code="6">245-02</subfield>
		<subfield code="a">فهرس الكتب العربية الموجودة بالدار.</subfield>
	</datafield>
	<datafield ind1="1" ind2=" " tag="880">
		<subfield code="6">246-03</subfield>
		<subfield code="i">Vols. &lt;7-9&gt; have title:</subfield>
		<subfield code="a">فهرس بالكتب العربية التي وردت على الدار</subfield>
	</datafield>
	<datafield ind1=" " ind2=" " tag="880">
		<subfield code="6">260-04</subfield>
		<subfield code="a">القاهرة :</subfield>
		<subfield code="b">مطبعة دار الكتب المصرية،</subfield>
		<subfield code="c">١٩٢٤-</subfield>
	</datafield>
	<datafield ind1=" " ind2=" " tag="959">
		<subfield code="a">NNU</subfield>
		<subfield code="b">WEB</subfield>
		<subfield code="c">GENI</subfield>
		<subfield code="t">0</subfield>
		<subfield code="m">Electronic access</subfield>
		<subfield code="s">01</subfield>
	</datafield>
	<datafield ind1=" " ind2=" " tag="999">
		<subfield code="i">NjP_3000651</subfield>
		<subfield code="o">(OCoLC)ocm12016692</subfield>
		<subfield code="s">princeton_aco004875:vol. 1</subfield>
		<subfield code="s">princeton_aco004873:vol.2</subfield>
		<subfield code="s">princeton_aco004877:vol.3</subfield>
		<subfield code="s">princeton_aco004869:vol.4</subfield>
		<subfield code="s">princeton_aco004874:vol.5</subfield>
		<subfield code="s">princeton_aco004871:vol.6</subfield>
		<subfield code="s">princeton_aco004872:vol.8</subfield>
		<subfield code="s">princeton_aco004870:vol.9</subfield>
		<subfield code="s">princeton_aco004875:vol. 1</subfield>
		<subfield code="s">princeton_aco004873:vol.2</subfield>
		<subfield code="s">princeton_aco004877:vol.3</subfield>
		<subfield code="s">princeton_aco004869:vol.4</subfield>
		<subfield code="s">princeton_aco004874:vol.5</subfield>
		<subfield code="s">princeton_aco004871:vol.6</subfield>
		<subfield code="s">princeton_aco004872:vol.8</subfield>
		<subfield code="s">princeton_aco004870:vol.9</subfield>
	</datafield>
</record>
